<record><leader>00000cas a22000001a 4500</leader><controlfield tag="001">32229793</controlfield><controlfield tag="007">hd afu---baca</controlfield><controlfield tag="007">hd bfu---baaa</controlfield><controlfield tag="008">950330d19451951vi dn nea     0    0eng c</controlfield><datafield ind1=" " ind2=" " tag="010"><subfield code="a">sn 94081624 </subfield></datafield><datafield ind1=" " ind2=" " tag="040"><subfield code="a">NN</subfield><subfield code="b">eng</subfield><subfield code="c">RQM</subfield><subfield code="d">OCLCQ</subfield></datafield><datafield ind1=" " ind2=" " tag="012"><subfield code="i">9412</subfield></datafield><datafield ind1=" " ind2=" " tag="042"><subfield code="a">pcc</subfield></datafield><datafield ind1="0" ind2=" " tag="130"><subfield code="a">Photo news (Charlotte Amalie, V.I.)</subfield></datafield><datafield ind1="1" ind2="0" tag="245"><subfield code="a">Photo news.</subfield></datafield><datafield ind1=" " ind2=" " tag="260"><subfield code="a">Charlotte Amalie, St. Thomas, V.I. :</subfield><subfield code="b">Ottley's Photo Studio,</subfield><subfield code="c">1945-1951.</subfield></datafield><datafield ind1=" " ind2=" " tag="300"><subfield code="a">7 volumes :</subfield><subfield code="b">illustrations ;</subfield><subfield code="c">32 cm</subfield></datafield><datafield ind1=" " ind2=" " tag="310"><subfield code="a">Daily (except Sun.)</subfield></datafield><datafield ind1=" " ind2=" " tag="336"><subfield code="a">text</subfield><subfield code="b">txt</subfield><subfield code="2">rdacontent</subfield></datafield><datafield ind1=" " ind2=" " tag="337"><subfield code="a">microform</subfield><subfield code="b">h</subfield><subfield code="2">rdamedia</subfield></datafield><datafield ind1=" " ind2=" " tag="338"><subfield code="a">microfilm reel</subfield><subfield code="b">hd</subfield><subfield code="2">rdacarrier</subfield></datafield><datafield ind1="0" ind2=" " tag="362"><subfield code="a">1st year, no. 1 (May 5, 1945)-7th year, no. 5182 (June 30, 1951).</subfield></datafield><datafield ind1=" " ind2=" " tag="500"><subfield code="a">"Virgin Islands Picture Newspaper."</subfield></datafield><datafield ind1=" " ind2=" " tag="500"><subfield code="a">Editor: Earle Benito Ottley, 1945-Jan., 1951.</subfield></datafield><datafield ind1=" " ind2=" " tag="533"><subfield code="a">Microfilm.</subfield><subfield code="m">July 27-31,1948.</subfield><subfield code="b">New York :</subfield><subfield code="c">New York Public Library,</subfield><subfield code="d">[19--].</subfield><subfield code="e">microfilm reels ; 35 mm.</subfield></datafield><datafield ind1=" " ind2="4" tag="651"><subfield code="a">Charlotte Amalie (V.I.)</subfield><subfield code="v">Newspapers.</subfield></datafield><datafield ind1="1" ind2=" " tag="700"><subfield code="a">Ottley, Earle B.</subfield></datafield><datafield ind1=" " ind2=" " tag="752"><subfield code="a">United States</subfield><subfield code="b">Virgin Islands</subfield><subfield code="c">Saint Thomas</subfield><subfield code="d">Charlotte Amalie.</subfield></datafield><datafield ind1="1" ind2=" " tag="776"><subfield code="c">Original</subfield><subfield code="w">(DLC)sn 84037529</subfield></datafield><datafield ind1=" " ind2=" " tag="850"><subfield code="a">NN</subfield><subfield code="a">NN (master)</subfield></datafield><datafield ind1="1" ind2=" " tag="029"><subfield code="a">AU@</subfield><subfield code="b">000024761480</subfield></datafield></record>